@book{higham2002accuracy,
  title={Accuracy and stability of numerical algorithms},
  author={Higham, Nicholas J},
  year={2002},
  publisher={SIAM}
}

@article{birgin2017worst,
  title={Worst-case evaluation complexity for unconstrained nonlinear optimization using high-order regularized models},
  author={Birgin, Ernesto G and Gardenghi, JL and Mart{\'\i}nez, Jos{\'e} Mario and Santos, Sandra Augusta and Toint, Ph L},
  journal={Mathematical Programming},
  volume={163},
  number={1},
  pages={359--368},
  year={2017},
  publisher={Springer}
}