@string{aor = {Annals of Operations Research}}
@string{bit = {BIT Numer. Math.}}
@string{cacm = {Commun. ACM}}
@string{cj = {Computer Journal}}
@string{coap = {Comput. Optim. Appl.}}
@string{csb = {Chinese Science Bulletin}}
@string{dnam = {Report DNAM}}
@string{etna = {ETNA}}
@string{ijcma = {Intern. J. of Computers and Mathematics with Applications}}
@string{ijnme = {International Journal on Numerical Methods in Engineering}}
@string{imajna = {IMA J. Numer. Anal.}}
@string{infjoc = {INFORMS J. on Computing}}
@string{jacm = {J. Association for Computing Machinery}}
@string{jcam = {Journal of Computational and Applied Mathematics}}
@string{jcm = {Journal of Computational Mathematics}}
@string{jgc = {J. of Guidance, Control, and Dynamics}}
@string{jima = {Journal of the Institute of Mathematics and its Applications}}
@string{jmaa = {J. Math. Anal. Appl.}}
@string{jor = {Operations Research}}
@string{jota = {J. Optim. Theory and Applics.}}
@string{jrnsb = {J. Res. Natl. Bur. Stand.}}
@string{jrssb = {J. Roy. Statist. Soc. Ser. B}}
@string{laa = {Linear Algebra and its Applications}}
@string{mc = {Math. Comp.}}
@string{mor = {Math. Oper. Res.}}
@string{mp = {Math. Program.}}
@String{mpa = {Math. Program., Series~A}}
@String{mpb = {Math. Program., Series~B}}
@String{mpc = {Math. Program. Comp.}}
@string{mps = {Mathematical Programming Studies}}
@string{mpstudy = {Math. Program. Study}}
@string{ms = {Management Science}}
@string{nac = {Report NAC}}
@string{nlaa = {Numer. Linear Algebra Appl.}}
@string{numalg = {Numer. Algor.}}
@string{nm = {Numer. Math.}}
@string{npl = {National Physical Laboratory, England}}
@string{oms = {Optim. Method. Softw.}}
@string{opt = {Optimization}}
@string{opte = {Optim. Eng.}}
@string{optsyst = {Division of Optimization and Systems Theory, Department of Mathematics, Royal Institute of Technology}}
@string{or = {Operations Research}}
@string{orl = {Operations Research Letters}}
@string{orsajoc = {ORSA J. of Computing}}
@string{rairo-mm = {RAIRO-Mathematical Modelling and Numerical Analysis---Mod\'{e}lisation Math\'{e}matique et Analyse Num\'{e}rique}}
@string{rairo-or = {RAIRO-Recherche Op\'{e}rationnelle---Operations Research}}
@string{siadm = {SIAM Journal on Algebraic and Discrete Methods}}
@string{siapm = {SIAM J. Appl. Math.}}
@string{sic = {SIAM J. Computing}}
@string{sico = {SIAM J. Control Optim.}}
@string{simax = {SIAM J. Matrix Anal. Appl.}}
@string{sinum = {SIAM J. Numer. Anal.}}
@string{siopt = {SIAM J. Optim.}}
@string{sirev = {SIAM Review}}
@string{sisc = {SIAM J. Sci. Comput.}}
@string{sissc = {SIAM J. Sci. and Statist. Comput.}}
@string{tams = {Trans. Amer. Math. Soc.}}
@string{toms = {ACM Trans. Math. Software}}

@string{adw = {Addison-Wesley Publishing Company}}
@string{adw-address = {Reading, Massachusetts, USA}}
@string{aeat = {{AEA} {T}echnology}}
@string{ams = {American Mathematical Society}}
@string{ams-address = {Providence, Rhode-Island, USA}}
@string{cup = {Cambridge University Press}}
@string{cup-address = {Cambridge, England}}
@string{freeman = {W. H. Freeman and Company}}
@string{freeman-address = {New York and San Francisco}}
@string{kluwer = {Kluwer Academic Publishers}}
@string{kluwer-address = {Dordrecht, The Netherlands}}
@string{longman = {Longman Scientific {\&} Technical}}
@string{longman-address = {Harlow, Essex, England}}
@string{macgh = {McGraw-Hill}}
@string{macgh-address = {New York, USA}}
@string{nh = {North Holland}}
@string{nh-address = {Amsterdam, The Netherlands}}
@string{oup = {Oxford University Press}}
@string{oup-address = {Oxford, England}}
@string{ph = {Prentice-Hall}}
@string{ph-address = {Englewood Cliffs, New Jersey, USA}}
@string{siam = {SIAM}}
@string{siam-address = {Philadelphia, USA}}
@string{springer = {Springer Verlag}}
@string{springer-address = {Heidelberg, Berlin, New York}}
@string{wiley = {J. Wiley and Sons}}
@string{wiley-address = {Chichester, England}}
@string{wsp = {World Scientific Publishers}}
@string{wsp-address = {Singapore}}

@string{acri-cornell = {Advanced Computing Research Institute, Cornell Theory Center}}
@string{anl = {Argonne National Laboratory}}
@string{anl-address = {Argonne, Illinois, USA}}
@string{ap = {Academic Press}}
@string{ap-address = {London}}
@string{belllabs = {Bell Laboratories}}
@string{belllabs-address = {Murray Hill, New Jersey, USA}}
@string{caam = {Department of Computational and Applied Mathematics, Rice University}}
@string{cerfacs = {CERFACS}}
@string{cerfacs-address = {Toulouse, France}}
@string{coimbra = {Department of Mathematics, University of Coimbra}}
@string{coimbra-address = {Coimbra, Portugal}}
@string{compj = {Computer Journal}}
@string{cornell-address = {Ithaca, New York, USA}}
@string{crpc = {Center for Research on Parallel Computers}}
@string{cs-cornell = {Department of Computer Science, Cornell University}}

@string{damtp = {Department of Applied Mathematics and Theoretical Physics, Cambridge University}}
@string{damtp-address = {Cambridge, England}}

@string{dundee = {Department of Mathematics, University of Dundee}}
@string{dundee-address = {Dundee, Scotland}}

@string{fundp = {Department of Mathematics, University of Namur}}
@string{fundp-address = {Namur, Belgium}}

@string{gerad = {GERAD}}
@String{gerad-address = {Montr\'eal, QC, Canada}}
@String{cahier = {Cahier du GERAD}}

@string{hamburg = {Institute of Applied Mathematics, University of Hamburg}}
@string{hamburg-address = {Hamburg, Germany}}

@string{harwell = {{AERE} {H}arwell Laboratory}}
@string{harwell-address = {Harwell, Oxfordshire, England}}

@string{hatfield = {Numerical Optimization Center, Hatfield Polytechnic}}

@string{ibmwatson = {T. J. Watson Research Center}}
@string{ibmwatson-address = {Yorktown Heights, NY, USA}}

@string{icase = {Institute for Computer Applications in Science and Engineering}}
@string{icase-address = {NASA Langley Research Center Hampton, Virginia, USA}}

@string{icmsec = {Institute of Computational Mathematics and Scientific/Enginering Computing, Chinese Academy of Sciences}}
@string{icmsec-address = {Beijing, China}}

@string{madison = {Computer Sciences Department, University of Wisconsin}}
@string{madison-address = {Madison, Wisconsin, USA}}

@string{mathwaterloo = {Faculty of Mathematics, University of Waterloo}}
@string{mathwaterloo-address = {Waterloo, Ontario, Canada}}

@string{mccm = {Manchester Centre for Computational Mathematics}}
@string{mccm-address = {Manchester, England}}

@string{nist = {Applied and Computational Mathematics Division}}
@string{nist-address = {National Institute of Standards and Technology, Gaithersburg, Maryland, USA}}

@string{npl = {National Physical Laboratory}}
@string{npl-address = {London, England}}

@string{nwu = {Department of Electrical Engineering and Computer Science, Northwestern University}}
@string{nwu-address = {Evanston, Illinois, USA}}

@string{otc = {Optimization Technology Center, Argonnne National Laboratory}}
@string{otc-address = {Argonne, Illinois, USA}}

@String{ral = {Rutherford Appleton Laboratory}}
@string{ral-address = {Chilton, Oxfordshire, England}}

@string{rice = {Department of Mathematical Sciences, Rice University}}
@string{rice-address = {Houston, Texas, USA}}

@string{stanford = {Department of Operations Research, Stanford University}}
@string{stanford-address = {Stanford, California, USA}}

@string{unicamp = {Department of Applied Mathematics, IMECC-UNICAMP}}
@string{unicamp-address = {Campinas, Brasil}}




@Article{albaali-2014,
  author = {M. Al-Baali},
  title = {Damped techniques for enforcing convergence of quasi-{N}ewton methods},
  journal = oms,
  volume = {29},
  number = {5},
  pages = {919--936},
  year  = {2014},
  publisher = {Taylor \& Francis},
  doi = {10.1080/10556788.2014.891030},
}

@Article{birgin-gardenghi-martinez-santos-toint-2017,
    author      = "Birgin, E. G. and Gardenghi, J. L. and Mart{\'i}nez, J. M. and Santos, S. A. and Toint, Ph. L.",
    title       = "Worst-case evaluation complexity for unconstrained nonlinear optimization using high-order regularized models",
    journal     = "Mathematical Programming",
    year        = "2017",
    month       = "May",
    day         = "01",
    volume      = "163",
    number      = "1",
    pages       = "359--368",
    abstract    = "The worst-case evaluation complexity for smooth (possibly nonconvex) unconstrained optimization is considered. It is shown that, if one is willing to use derivatives of the objective function up to order p (for {\$}{\$}p{\backslash}ge 1{\$}{\$}p≥1) and to assume Lipschitz continuity of the p-th derivative, then an {\$}{\$}{\backslash}epsilon {\$}{\$}ϵ-approximate first-order critical point can be computed in at most {\$}{\$}O({\backslash}epsilon ^{\{}-(p+1)/p{\}}){\$}{\$}O(ϵ-(p+1)/p)evaluations of the problem's objective function and its derivatives. This generalizes and subsumes results known for {\$}{\$}p=1{\$}{\$}p=1and {\$}{\$}p=2{\$}{\$}p=2.",
    issn        = "1436-4646",
    doi         = "10.1007/s10107-016-1065-8"
}

@Article{cartis-sampaio-toint-2015,
  author = {C. Cartis and Ph. R. Sampaio and {\relax Ph}. L. Toint},
  title = {Worst-Case Evaluation Complexity of Non-Monotone Gradient-Related Algorithms for Unconstrained Optimization},
  journal = opt,
  volume = {64},
  number = {5},
  pages = {1349--1361},
  year  = {2015},
  publisher = {Taylor \& Francis},
  doi = {10.1080/02331934.2013.869809}
}

@Book{conn-gould-toint-2000,
  author = {A. R. Conn and N. I. M. Gould and {\relax Ph}. L. Toint},
  title = {Trust-Region Methods},
  publisher = siam,
  year = {2000},
  doi = {10.1137/1.9780898719857},
  address = siam-address,
  series = {MOS-SIAM Series on Optimization},
  number = {1}
}

@techreport{dahito-orban-2018,
  author = {Dahito, M.-A. and Orban, D.},
  title = {The Conjugate Residual Method in Linesearch and Trust-Region Methods},
  institution = gerad,
  year = {2018},
  optkey = {},
  type = cahier,
  number = {G-2018-50},
  address = gerad-address,
  grant = {NSERC 299010-04},
  preprint = {https://www.gerad.ca/en/papers/G-2018-50/view},
  doi = {10.13140/RG.2.2.24634.08649},
  note = {To appear in SIAM J. Optim.}
}

@TechReport{gratton-toint-2018,
  author = {S. Gratton and {\relax Ph}. L. Toint},
  title = {A note on solving nonlinear optimization problems in variable precision},
  institution = fundp,
  year = 2018,
  type = {Technical Report},
  number = {},
  address = fundp-address
}

@article{liu-nocedal-1989,
  title = {On the limited memory {BFGS} method for large scale optimization},
  author = {Liu, Dong C and Nocedal, Jorge},
  journal = mp,
  abstract = {We study the numerical performance of a limited memory quasi-Newton method for large scale optimization, which we call the L-BFGS method. We compare its performance with that of the method developed by Buckley and LeNir (1985), which combines cycles of BFGS steps and conjugate direction steps. Our numerical tests indicate that the L-BFGS method is faster than the method of Buckley and LeNir, and is better able to use additional storage to accelerate convergence. We show that the L-BFGS method can be greatly accelerated by means of a simple scaling. We then compare the L-BFGS method with the partitioned quasi-Newton method of Griewank and Toint (1982a). The results show that, for some problems, the partitioned quasi-Newton method is clearly superior to the L-BFGS method. However we find that for other problems the L-BFGS method is very competitive due to its low iteration cost. We also study the convergence properties of the L-BFGS method, and prove global convergence on uniformly convex problems.},
  volume = {45},
  pages = {503--528},
  doi = {10.1007/BF01589116},
  year = {1989},
}

@book{nocedal-wright-2006,
  author = {J. Nocedal and S. J. Wright},
  title = {Numerical optimization},
  publisher = springer,
  year = {2006},
  address = springer-address,
  edition = {2nd},
}

@article{steihaug-1983,
  author   = {T. Steihaug},
  title    = {The conjugate gradient method and trust regions in large scale optimization},
  journal  = sinum,
  volume   = {20},
  number   = {3},
  pages    = {626--637},
  year     = {1983},
  doi      = {10.1137/0720042}
}

@TechReport{xie-byrd-nocedal-2019,
  author = {Y. Xia and R. Byrd and J. Nocedal},
  title = {Analysis of the {BFGS} Method with Errors},
  institution = nwu,
  year = 2019,
  type = {Technical Report},
  number = {},
  address = nwu-address
}
